<record><leader>00000cas a22000007a 4500</leader><controlfield tag="001">24514874</controlfield><controlfield tag="008">911008d18881889iauwr ne      0    0eng d</controlfield><datafield ind1=" " ind2=" " tag="010"><subfield code="a">sn 91056026 </subfield></datafield><datafield ind1=" " ind2=" " tag="040"><subfield code="a">INP</subfield><subfield code="b">eng</subfield><subfield code="c">INP</subfield><subfield code="d">OCLCQ</subfield></datafield><datafield ind1=" " ind2=" " tag="042"><subfield code="a">msc</subfield></datafield><datafield ind1="0" ind2=" " tag="130"><subfield code="a">Cedar County Republican (Mechanicsville, Iowa)</subfield></datafield><datafield ind1="1" ind2="0" tag="245"><subfield code="a">Cedar County Republican.</subfield></datafield><datafield ind1=" " ind2=" " tag="260"><subfield code="a">Mechanicsville, IA :</subfield><subfield code="b">H. Hazlett</subfield></datafield><datafield ind1=" " ind2=" " tag="300"><subfield code="a">v.</subfield></datafield><datafield ind1=" " ind2=" " tag="310"><subfield code="a">Weekly</subfield></datafield><datafield ind1=" " ind2=" " tag="588"><subfield code="a">Description based on: Vol. 1, no. 9 (July 19, 1888).</subfield></datafield><datafield ind1=" " ind2=" " tag="752"><subfield code="a">United States</subfield><subfield code="b">Iowa</subfield><subfield code="c">Cedar</subfield><subfield code="d">Mechanicsville.</subfield></datafield></record>